@online{ SV01,
    author = {},
    title  = {raspberry-gpio-python},
    year   = {},
    month  = {},
    url    = {https://code.google.com/p/raspberry-gpio-python/}
}

@online{ SV02,
    author = {Richard Hirst},
    title  = {ServoBlaster},
    year   = {2013},
    month  = {January},
    url    = {https://github.com/richardghirst/PiBits/tree/master/ServoBlaster}
}

@online{ SV03,
    author = {x-io Technologies},
    title  = {Camera control and stabilisation via PC},
    year   = {2011},
    month  = {March},
    url    = {http://www.x-io.co.uk/camera-control-and-stabilisation-via-pc/}
}

@online{ SV04,
    author = {Pololu Corporation},
    title  = {Pololu Maestro Servo Controller User's Guide},
    url    = {http://www.pololu.com/docs/0J40/all#5.h.1}
}

@online{ SV05,
    author = {mojocorp},
    title  = {Control of Pololu Maestro servo control board},
    year   = {2010},
    month  = {December},
    url    = {https://github.com/mojocorp/Pololu_Maestro}
}

@online{ SV06,
    author = {Alon},
    title  = {Control of Pololu Maestro Micro 6 channel servo control board},
    year   = {2010},
    month  = {February},
    url    = {https://github.com/alon/pololu_maestro}
}