@online{ AV01,
    author = {Mike Pultz},
    title  = {Accessing Google Speech API / Chrome 11},
    year   = {2011},
    month  = {March},
    url    = {http://mikepultz.com/2011/03/accessing-google-speech-api-chrome-11/}
}

@online{ AV02,
    author = {Romain Beauxis and Samuel Mimram and Matthias Grosser and Seven Du},
    title  = {Shine},
    year   = {2013},
    month  = {August},
    url    = {https://github.com/savonet/shine}
}