@online{ CV01,
    author = {Skand Hurkat},
    title  = {CarDetect},
    year   = {2011},
    url    = {https://github.com/skandhurkat/CarDetect}
}

@online{ CV02,
    author = {Liz},
    title  = {Facial recognition: OpenCV on the camera board},
    year   = {2013},
    month  = {June},
    url    = {Facial recognition: OpenCV on the camera board}
}

@online{ CV03,
    author = {UMass Graphics and Vision Research},
    title  = {Realtime Tracking With a Pan-Tilt Camera},
    year   = {2010},
    month  = {July},
    url    = {http://umassgv.blogspot.com.au/2010/07/realtime-tracking-with-pan-tilt-camera.html}
}

@online{ CV04,
    author = {Chet Corcos},
    title  = {Learning OpenCV with Xcode},
    year   = {2012},
    month  = {February},
    url    = {https://sites.google.com/site/learningopencv1/installing-opencv}
}

@online{ CV05,
    author = {Robin Hewitt},
    title  = {How OpenCV's Face Tracker Works},
    year   = {2007},
    month  = {March},
    url    = {http://www.cognotics.com/opencv/servo_2007_series/part_3/sidebar.html}
}

@online{ CV06,
    author = {OpenCV dev team},
    title  = {Cascade Classifier},
    year   = {2013},
    month  = {July},
    url    = {http://docs.opencv.org/doc/tutorials/objdetect/cascade_classifier/cascade_classifier.html}
}

@online{ CV07,
    author = {Evangelos Georgiou},
    title  = {Tutorial: OpenCV 2.4.3 Face Tracking | Detection using VS 2010 C++},
    year   = {2013},
    month  = {February},
    url    = {http://mymobilerobots.com/myblog/academic/tutorial-opencv-2-4-3-face-tracking-detection-using-vs-2010-c/}
}

@online{ CV08,
    author = {Pierre},
    title  = {OpenCV and Pi Camera Board !},
    year   = {2013},
    month  = {May},
    url    = {http://thinkrpi.wordpress.com/2013/05/22/opencv-and-camera-board-csi/}
}

@online{ CV09,
    author = {OpenCV dev team},
    title  = {GPU Module Introduction},
    year   = {2013},
    month  = {July},
    url    = {http://docs.opencv.org/modules/gpu/doc/introduction.html}
}

@online{ CV10,
    author = {Malakai},
    title  = {Raspberry Pi Camera Extended documentation},
    year   = {2013},
    month  = {June},
    url    = {http://www.raspians.com/raspberry-pi-camera-extended-documentation/}
}

@online{ CV11,
    author = {Wikipedia},
    title  = {OpenMAX},
    url    = {http://en.wikipedia.org/wiki/OpenMAX}
}

@online{ CV12,
    author = {Philipp Wagner},
    title  = {OpenCV Face Recognition Lag},
    year   = {2012},
    month  = {October},
    url    = {http://answers.opencv.org/question/3334/opencv-face-recognition-lag/}
}


@online{ CV13,
    author = {OpenCV dev team},
    title  = {OpenCV Basic Structures},
    year   = {2013},
    url    = {http://docs.opencv.org/modules/core/doc/basic_structures.html#Rect_}
}


@online{ CV14,
    author = {Ben Voigt},
    title  = {Reading a Linux device with fstream},
    year   = {2011},
    url    = {http://stackoverflow.com/questions/6064890/reading-a-linux-device-with-fstream}
}

@online{ CV15,
    author = {Pololu Maestro},
    title  = {Pololu Maestro Servo Controller Serial Settings},
    year   = {2013},
    url    = {http://www.pololu.com/docs/0J40/5.a}
}

@online{ CV16,
    author = {Adam Mckaig},
    title  = {pololumaestro - ruby gem},
    year   = {2013},
    url    = {https://github.com/adammck/pololumaestro}
}

@online{ CV17,
    author = {Preston F. Crow},
    title  = {Understanding /dev},
    year   = {1998},
    url    = {http://www.linuxjournal.com/article/2597}
}

@online{ CV18,
    author = {Pololu Maestro},
    title  = {Pololu Maestro Servo Controller Cross-platform C},
    year   = {2013},
    url    = {http://www.pololu.com/docs/0J40/5.h.1}
}

